@book{lamport1994latex,
  title     = {LaTeX: A Document Preparation System},
  author    = {Leslie Lamport},
  year      = {1994},
  publisher = {Addison--Wesley},
  edition   = {2nd}
}

@book{knuth1984texbook,
  title     = {The TeXbook},
  author    = {Donald~E. Knuth},
  year      = {1984},
  series    = {Computers \& Typesetting},
  volume    = {A},
  publisher = {Addison--Wesley}
}
